@INPROCEEDINGS{ize,
  author={T. Ize and I. Wald and S. G. Parker},
  booktitle={2008 IEEE Symposium on Interactive Ray Tracing},
  title={Ray tracing with the BSP tree},
  year={2008},
  volume={},
  number={},
  pages={159-166},
  keywords={computer graphics;ray tracing;tree data structures;ray tracing;computer graphics;binary space partitioning trees;kd-trees;axis-aligned splitting planes;Acceleration;Buildings;Distance measurement;Ray tracing;Data structures;Complexity theory;Art},
  doi={10.1109/RT.2008.4634637},
  ISSN={},
  month={Aug}}


@INPROCEEDINGS{Kammaje,
  author = {R. P. Kammaje and B. Mora},
  booktitle = {IEEE/ EG Symposium on Interactive Ray Tracing 2007(RT)},
  title = {A Study of Restricted BSP Trees for Ray Tracing},
  year = {2007},
  volume = {00},
  number = {},
  pages = {55-62},
  keywords={},
  doi = {10.1109/RT.2007.4342591},
  url = {doi.ieeecomputersociety.org/10.1109/RT.2007.4342591},
  ISSN = {},
  month={09}}

@INPROCEEDINGS{4634638,
  author={B. C. Budge and D. Coming and D. Norpchen and K. I. Joy},
  booktitle={2008 IEEE Symposium on Interactive Ray Tracing},
  title={Accelerated building and ray tracing of restricted BSP trees},
  year={2008},
  volume={},
  number={},
  pages={167-174},
  keywords={ray tracing;tree data structures;ray tracing;restricted BSP trees;build algorithm;dynamic programming;tree building time;Face;Ray tracing;Equations;Buildings;Heuristic algorithms;Algorithm design and analysis;Benchmark testing;RBSP;Ray Tracing;Construction;I.3.3 [Computer Graphics]: Picture/Image Generation—Display algorithms;I.3.6 [Computer Graphics]: Methodology and Techniques—Graphics data structures and data types},
  doi={10.1109/RT.2008.4634638},
  ISSN={},
  month={Aug}}

@Book{h2g2,
  author =    {Adams, Douglas},
  title =     {The Hitchhiker's Guide to the Galaxy},
  publisher = {Del Rey (reprint)},
  year =      1995,
  note =      {ISBN-13: 978-0345391803}}

@Book{pratchett06:_good_omens,
  author =    {Pratchett, Terry and Gaiman, Neil},
  title =     {Good Omens:
               \emph{The Nice and Accurate Prophecies of Agnes Nutter, Witch}},
  publisher = {HarperTorch (reprint)},
  year =      2006,
  note =      {ISBN-13: 978-0060853983}}

@Misc{wiki,
  author =       {Wikipedia},
  title =        {Scriptie},
  howpublished = {URL: \url{http://nl.wikipedia.org/wiki/Masterproef},
                  laatst nagekeken op 2010-01-07}}
